@article{langley1999dilution,
  title={Dilution of precision},
  author={Langley, Richard B and others},
  journal={GPS world},
  volume={10},
  number={5},
  pages={52--59},
  year={1999}
}

